@Misc{WHO,
  author =       {Organização Mundial da Saúde},
  key =          {_Malaria},
  howpublished = {WHO},
  title =        {"Malaria},
  month =        {Outubro},
  day =          8,
  year =         2019,
  note =         {\url{https://www.who.int/ith/diseases/malaria/en/}},
  annote =       {WHO}
}

@misc{supermetroid:snes,
	Address = {Kyoto, Japan},
	Author = {{Nintendo R\&D1} and {Intelligent Systems}},
	Day = {18},
	Howpublished = {Game [SNES]},
	Month = {April},
	Note = {Nintendo, Kyoto, Japan. Played August 2011.},
	Publisher = {Nintendo},
	Title = {\emph{Super Metroid}},
	Year = {1994}
}

@article{rajaraman2019performance,
  title={Performance evaluation of deep neural ensembles toward malaria parasite detection in thin-blood smear images},
  author={Rajaraman, Sivaramakrishnan and Jaeger, Stefan and Antani, Sameer K},
  journal={PeerJ},
  volume={7},
  pages={e6977},
  year={2019},
  publisher={PeerJ Inc.}
}

@inproceedings{dong2017evaluations,
  title={Evaluations of deep convolutional neural networks for automatic identification of malaria infected cells},
  author={Dong, Yuhang and Jiang, Zhuocheng and Shen, Hongda and Pan, W David and Williams, Lance A and Reddy, Vishnu VB and Benjamin, William H and Bryan, Allen W},
  booktitle={2017 IEEE EMBS International Conference on Biomedical \& Health Informatics (BHI)},
  pages={101--104},
  year={2017},
  organization={IEEE}
}

@article{gopakumar2018convolutional,
  title={Convolutional neural network-based malaria diagnosis from focus stack of blood smear images acquired using custom-built slide scanner},
  author={Gopakumar, Gopalakrishna Pillai and Swetha, Murali and Sai Siva, Gorthi and Sai Subrahmanyam, Gorthi R K},
  journal={Journal of biophotonics},
  volume={11},
  number={3},
  pages={e201700003},
  year={2018},
  publisher={Wiley Online Library}
}